<?xml version="1.0" encoding="UTF-8"?><collection xmlns="http://www.loc.gov/MARC21/slim"><record><leader>00310nam--2200121-i-4500</leader><controlfield tag="001">000045657</controlfield><controlfield tag="002">20161230</controlfield><controlfield tag="005">20161230201045</controlfield><controlfield tag="008">060222s1000------------r-----000-0-eng-d</controlfield><datafield ind1=" " ind2=" " tag="100"><subfield code="a">Tutovan, V</subfield></datafield><datafield ind1=" " ind2=" " tag="245"><subfield code="a">Introducere in masuri electrice si magnetice</subfield></datafield><datafield ind1=" " ind2=" " tag="260"><subfield code="a">Bucuresti, Ed.Didactica, 1962, 323p</subfield></datafield><datafield ind1=" " ind2=" " tag="852"><subfield code="a">8774</subfield></datafield></record></collection>